@article{ref:1,
	author = {Asim, Muhammad Nabeel and Wasim, Muhammad and Ghani Khan, Muhammad Usman and Mahmood, Waqar and Abbasi, Hafiza Mahnoor},
	title = {{A survey of ontology learning techniques and applications}},
	journal = {Database 2018},
	year = 2018
}
@article{ref:2,
	author = {Estevez{-}Velarde, Suilan and Guti{\'{e}}rrez, Yoan and Montoyo, Andr{\'{e}}s and Piad{-}Morffis, Alejandro and Mu{\~{n}}oz, Rafael and Almeida{-}Cruz, Yudivi{\'{a}}n},
	title = {{Gathering object interactions as semantic knowledge}},
	journal = {Proceedings on the International Conference on Artificial Intelligence (ICAI)},
	pages = {363--369},
	year = 2018
}
@misc{ref:3,
	author = {Wolf, Thomas},
	title = {State{-}of{-}the{-}art neural coreference resolution for chatbots},
	howpublished = {\url{https://medium.com/huggingface/state-of-the-art-neural-coreference-resolution-for-chatbots-3302365dcf30}}
}
@article{ref:4,
	author = {Clark, Kevin and Manning, Christopher D.},
	title = {{Deep Reinforcement Learning for Mention-Ranking Coreference Models}},
	journal = {arXiv:1609.08667},
	year = 2016
}
@article{ref:5,
	author = {Lee, Kenton and He, Luheng and Lewis, Mike and Zettlemoyer, Luke},
	title = {End-to-end coreference resolution},
	journal = {arXiv:1707.07045},
	year = 2017
}
@inproceedings{ref:6,
	author = {Garcia, Marcos and Pablo Gamallo},
	title = {Multilingual corpora with coreferencial annotation of person entities},
	proceedings = {The 9th edition of the Language Resources and Evaluation Conference (LREC'14)},
	year = 2014
}
@article{ref:7,
	author = {Alani, Harith and Brewster, Christopher},
	title = {Metrics for ranking ontologies},
	year = 2006,
	volume = {4273},
	pages = {1--15}
}
@article{ref:8,
	author = {Guarino, N. and Welty, C.},
	title = {{An overview of Ontoclean}},
	year = 2004,
	journal = {Staab, Studer R (eds). Handbook on Ontologies. Springer},
	address = {Berlin, Heidelberg}
}